@article{LNAS,
  title = {Lightning Network and Atomic Swaps},
  howpublished = {\url{https://medium.com/stakenet/lightning-network-and-atomic-swaps-f24eb4996eb9}},
  note = {Accessed: 2019-08-23}
}
@article{ASSFEP,
  title = {Atomic swaps: a simple, fair exchange protocol},
  howpublished = {\url{https://medium.com/blockchainio/what-are-atomic-swaps-bc1d034634c9}},
  note = {Accessed: 2019-08-24}
}

@article{SWIRLDS_HASHGRAPH,
  title = {THE SWIRLDS HASHGRAPH CONSENSUS ALGORITHM: FAIR, FAST, BYZANTINE FAULT TOLERANCE},
  author = {BAIRD, LEEMON},
%  year =
 % howpublished = {\url{https://medium.com/blockchainio/what-are-atomic-swaps-bc1d034634c9}},

  note = {Accessed: Swirlds web side}
}

@proceedings{ELINOR_OSTROM_NOBEL_LECTURE,
  title = {Prize Lecture: Beyond Markets and States: Polycentric Governance of Complex Economic Systems},
  author = {Ostrom, Elinor},
  howpublished = {\url{https://www.nobelprize.org/prizes/economic-sciences/2009/ostrom/lecture/}},
  note = {Accessed: 2018-07-02},
  URL = {https://www.nobelprize.org/prizes/economic-sciences/2009/ostrom/lecture/}
}

@article{ALLEN_CHRISTOPHER,
  title = {A Revised "Ostrom's Design Principles for Collective Governance of the Commons or How to Avoid the Tragedy of the Commons within Self-Organizing Systems},
  author = {Christopher, Allen},
  howpublished = {\url{http://www.lifewithalacrity.com/2015/11/a-revised-ostroms-design-principles-for-collective-governance-of-the-commons-.html}},
  note = {Accessed: 2019-09-18}
}

@article{10.1257/aer.100.3.641,
Author = {Ostrom, Elinor},
Title = {Beyond Markets and States: Polycentric Governance of Complex Economic Systems},
Journal = {American Economic Review},
Volume = {100},
Number = {3},
Year = {2010},
Month = {06},
Pages = {641-72},
DOI = {10.1257/aer.100.3.641},
URL = {http://www.aeaweb.org/articles?id=10.1257/aer.100.3.641}}

@article{10.2139/ssrn.997834,
Author = {Ostrom, Elinor},
Title = {Sustainable Social-Ecological Systems: An Impossibility?},
Year = {2007},
DOI = {10.2139/ssrn.997834},
URL = {https://ssrn.com/abstract=997834}}

@book{ostrom2006,
Author = {Ostrom, E. and Gardner, R. and Walker, J.},
Title = {Rules, games, and common-pool resources},
Year = {2006},
Publisher = {University of Michigan Press}
}

@article{britannica_monetarism,
Author = {The Editors of Encyclopaedia Britannica},
Title = {Monetarism, Economics},
URL = {https://www.britannica.com/topic/monetarism},
note = {Accessed: 2018-03-12}
}

@article{friedman_counter,
Author = {Friedman, Milton},
Title = {The Counter-Revolution in Monetary Theory},
Journal = {IEA Occasional Paper},
Number = {33},
Year = {1970},
URL = {https://miltonfriedman.hoover.org/friedman_images/Collections/2016c21/IEA_1970.pdf}}

@article{libp2p,
Author = {libp2p, githib team},
Title = {Modular peer-to-peer networking stack},
URL = {https://github.com/libp2p}
}
